@article{brujic2004experimental,
  title={Experimental study of stress transmission through particulate matter},
  author={Brujic, Jasna},
  journal={Cambridge: University of Cambridge},
  year={2004}
}

@article{liu1998nonlinear,
  title={Nonlinear dynamics: Jamming is not just cool any more},
  author={Liu, Andrea J and Nagel, Sidney R},
  journal={Nature},
  volume={396},
  number={6706},
  pages={21},
  year={1998},
  publisher={Nature Publishing Group}
}

@article{schindler2016range,
  title={The range and nature of effective interactions in hard-sphere solids},
  author={Schindler, Michael and Maggs, AC},
  journal={Soft matter},
  volume={12},
  number={9},
  pages={2612--2622},
  year={2016},
  publisher={Royal Society of Chemistry}
}

@article{qian1999momentum,
  title={On the momentum term in gradient descent learning algorithms},
  author={Qian, Ning},
  journal={Neural networks},
  volume={12},
  number={1},
  pages={145--151},
  year={1999},
  publisher={Elsevier}
}

@article{princen1983rheology,
  title={Rheology of foams and highly concentrated emulsions: I. Elastic properties and yield stress of a cylindrical model system},
  author={Princen, HM},
  journal={Journal of Colloid and interface science},
  volume={91},
  number={1},
  pages={160--175},
  year={1983},
  publisher={Elsevier}
}